@misc{falkirkcensus,
author = "{Falkirk Council}",
title = {Settlement population estimates},
howpublished = {\url{https://www.falkirk.gov.uk/services/council-democracy/statistics-census/docs/census/2011/6%20Settlement%20Population%20and%20Household%20Estimates.pdf?v=201406020914}},
month = {11},
year = {2013}
}
	
@misc{grangemouthenvironment,
author = "{Falkirk Council}",
title = {Environmental Baseline Report},
howpublished = {\url{https://www.falkirk.gov.uk/services/planning-building/planning-policy/local-development-plan/docs/strategic-environmental-assessment/revised-environmental-report/1%20REP%20Appendix%201%20-%20Environmental%20Baseline%20Report.pdf?v=201406231453}},
month = {04},
year = {2013}
}

@misc{port,
author = "{Forth Ports}",
title = {Port of {G}rangemouth},
howpublished = {\url{https://forthports.co.uk/grangemouth/}},
month = {04},
year = {2017}
}

@misc{fhavondale,
author = "{Falkirk Herald}",
title = {Good weather leads to complaints about {P}olmont landfill site},
howpublished = {\url{http://www.falkirkherald.co.uk/news/environment/good-weather-leads-to-complaints-about-polmont-landfill-site-1-2216703}},
month = {04},
year = {2012}
}

@Article{humansubjectsbigdata,
author = {Jacob Metcalf, Kate Crawford},
title = {Where are Human Subjects in Big Data Research? The Emerging Ethics Divided},
journal = {\url{https://papers.ssrn.com/sol3/papers.cfm?abstract_id=2779647}},
month = {05},
year = {2016}
}

@Article{crisisdata,
author="Crawford, Kate and Finn, Megan",
title="The limits of crisis data: analytical and ethical challenges of using social and mobile data to understand disasters",
journal="GeoJournal",
year="2015",
volume="80",
number="4",
pages="491--502",
issn="1572-9893",
doi="10.1007/s10708-014-9597-z",
url="http://dx.doi.org/10.1007/s10708-014-9597-z"
}

@misc{ethicsguide,
author = {Dr. Leanne Townsend, Prof. Claire Wallace},
title = {Social Media Research: A Guide to Ethics},
howpublished = {\url{http://www.gla.ac.uk/media/media_487729_en.pdf}}
}

@misc{reuterssandy,
author = {Gerry Shih},
title = {Over 20 million tweets sent as Sandy struck},
howpublished = {\url{http://in.reuters.com/article/storm-sandy-twitter-idINDEE8A10AX20121102}},
month = {11},
year = {2012}
}

@Article{earthquakes,
author = {Paul S. Earle, Daniel C. Bowden, Michelle Guy},
title = {Twitter earthquake detection: earthquake monitoring in a social world},
journal = {\url{http://www.annalsofgeophysics.eu/index.php/annals/article/view/5364}},
month = {10},
year = {2014}
}

@Article{haiti,
author = {Dugdale, J., Van de Walle, B., & Koeppinghoff C.},
title = {Social media and {SMS} in the {H}aiti Earthquake},
journal = {\url{https://www.researchgate.net/publication/241624291_Social_media_and_SMS_in_the_Haiti_Earthquake}},
month = {04},
year = {2012}
}

@InCollection{leibniz,
	author       =	{Kulstad, Mark and Carlin, Laurence},
	title        =	{Leibniz's Philosophy of Mind},
	booktitle    =	{The Stanford Encyclopedia of Philosophy},
	editor       =	{Edward N. Zalta},
	howpublished =	{\url{https://plato.stanford.edu/archives/win2013/entries/leibniz-mind/}},
	year         =	{2013},
	edition      =	{Winter 2013},
	publisher    =	{Metaphysics Research Lab, Stanford University}
}

@book{descartes,
  title={Pens{\'e}es de {D}escartes sur la religion et la morale},
  author={Descartes, Ren{\'e} and Emery, Jacques-Andr{\'e}},
  year={1811},
  publisher={Adrien Le Clere}
}

@book{zamenhof1911international,
  title={An international language},
  author={Zamenhof, Ludwig Lazarus},
  year={1911}
}

@article{gode1951interlingua,
  title={Interlingua Grammar},
  author={Gode, Alexander and Blair, Hugh},
  journal={New York: Storm},
  year={1951}
}

@article{turing1950computing,
  title={Computing machinery and intelligence},
  author={Turing, Alan M},
  journal={Mind},
  volume={59},
  number={236},
  pages={433--460},
  year={1950},
  publisher={JSTOR}
}

@article{hutchins2004two,
  title={Two precursors of machine translation: {A}rtsrouni and {T}rojanskij},
  author={Hutchins, John},
  journal={International Journal of Translation},
  volume={16},
  number={1},
  pages={11--31},
  year={2004},
  publisher={Citeseer}
}

@article{dostert1955georgetown,
  title={The {G}eorgetown-{IBM} experiment},
  author={Dostert, Leon E},
  journal={Machine translation of languages. John Wiley \& Sons, New York},
  pages={124--135},
  year={1955}
}

@inproceedings{hutchins2004georgetown,
  title={The {G}eorgetown-{IBM} experiment demonstrated in January 1954},
  author={Hutchins, W John},
  booktitle={Conference of the Association for Machine Translation in the Americas},
  pages={102--114},
  year={2004},
  organization={Springer}
}

@article{plumb1954russian,
  title={Russian is turned into {E}nglish by a fast electronic translator},
  author={Plumb, Robert K},
  journal={New York Times},
  year={1954}
}

@book{garvin1968georgetown,
  title={The {G}eorgetown-{IBM} experiment of 1954: an evaluation in retrospect},
  author={Garvin, Paul L},
  year={1968},
  publisher={Mouton}
}

@article{hutchins1995whisky,
  title={``The whisky was invisible" or persistent myths of {MT}},
  author={Hutchins, John},
  journal={MT News International},
  volume={11},
  pages={17--18},
  year={1995}
}

@article{mcqueen1995applying,
  title={Applying machine learning to agricultural data},
  author={McQueen, Robert J and Garner, Stephen R and Nevill-Manning, Craig G and Witten, Ian H},
  journal={Computers and electronics in agriculture},
  volume={12},
  number={4},
  pages={275--293},
  year={1995},
  publisher={Elsevier}
}

@inproceedings{bergsma2010creating,
  title={Creating robust supervised classifiers via web-scale N-gram data},
  author={Bergsma, Shane and Pitler, Emily and Lin, Dekang},
  booktitle={Proceedings of the 48th Annual Meeting of the Association for Computational Linguistics},
  pages={865--874},
  year={2010},
  organization={Association for Computational Linguistics}
}

@inproceedings{yi2003sentiment,
  title={Sentiment analyzer: Extracting sentiments about a given topic using natural language processing techniques},
  author={Yi, Jeonghee and Nasukawa, Tetsuya and Bunescu, Razvan and Niblack, Wayne},
  booktitle={Data Mining, 2003. ICDM 2003. Third IEEE International Conference on},
  pages={427--434},
  year={2003},
  organization={IEEE}
}

@article{demner2009can,
  title={What can natural language processing do for clinical decision support?},
  author={Demner-Fushman, Dina and Chapman, Wendy W and McDonald, Clement J},
  journal={Journal of biomedical informatics},
  volume={42},
  number={5},
  pages={760--772},
  year={2009},
  publisher={Elsevier}
}

@misc{goldberg1999automated,
  title={Automated natural language understanding customer service system},
  author={Goldberg, Randy G and Rosinski, Richard R},
  year={1999},
  month=apr # "~20",
  publisher={Google Patents},
  note={US Patent 5,895,466}
}

@inproceedings{brants2007large,
  title={Large language models in machine translation},
  author={Brants, Thorsten and Popat, Ashok C and Xu, Peng and Och, Franz J and Dean, Jeffrey},
  booktitle={In Proceedings of the Joint Conference on Empirical Methods in Natural Language Processing and Computational Natural Language Learning},
  year={2007},
  organization={Citeseer}
}

@article{ferrero2017compilig,
  title={CompiLIG at SemEval-2017 Task 1: Cross-Language Plagiarism Detection Methods for Semantic Textual Similarity},
  author={Ferrero, Jeremy and Agnes, Frederic and Besacier, Laurent and Schwab, Didier},
  journal={arXiv preprint arXiv:1704.01346},
  year={2017}
}

@inproceedings{sabou2012crowdsourcing,
  title={Crowdsourcing research opportunities: lessons from natural language processing},
  author={Sabou, Marta and Bontcheva, Kalina and Scharl, Arno},
  booktitle={Proceedings of the 12th International Conference on Knowledge Management and Knowledge Technologies},
  pages={17},
  year={2012},
  organization={ACM}
}

@inproceedings{snow2008cheap,
  title={Cheap and fast---but is it good?: evaluating non-expert annotations for natural language tasks},
  author={Snow, Rion and O'Connor, Brendan and Jurafsky, Daniel and Ng, Andrew Y},
  booktitle={Proceedings of the conference on empirical methods in natural language processing},
  pages={254--263},
  year={2008},
  organization={Association for Computational Linguistics}
}

@inproceedings{callison2010creating,
  title={Creating speech and language data with {A}mazon's {M}echanical {T}urk},
  author={Callison-Burch, Chris and Dredze, Mark},
  booktitle={Proceedings of the NAACL HLT 2010 Workshop on Creating Speech and Language Data with Amazon's Mechanical Turk},
  pages={1--12},
  year={2010},
  organization={Association for Computational Linguistics}
}

@phdthesis{liang2005semi,
  title={Semi-supervised learning for natural language},
  author={Liang, Percy},
  year={2005},
  school={Massachusetts Institute of Technology}
}

@inproceedings{turian2010word,
  title={Word representations: a simple and general method for semi-supervised learning},
  author={Turian, Joseph and Ratinov, Lev and Bengio, Yoshua},
  booktitle={Proceedings of the 48th annual meeting of the association for computational linguistics},
  pages={384--394},
  year={2010},
  organization={Association for Computational Linguistics}
}

@article{lapata2005web,
  title={Web-based models for natural language processing},
  author={Lapata, Mirella and Keller, Frank},
  journal={ACM Transactions on Speech and Language Processing (TSLP)},
  volume={2},
  number={1},
  pages={3},
  year={2005},
  publisher={ACM}
}

@article{cambria2013knowledge,
  title={Knowledge-based approaches to concept-level sentiment analysis},
  author={Cambria, Erik and Schuller, Bjorn and Liu, Bing and Wang, Haixun and Havasi, Catherine},
  journal={IEEE Intelligent Systems},
  volume={28},
  number={2},
  pages={12--14},
  year={2013},
  publisher={IEEE}
}

@article{stevenson2007characterization,
  title={Characterization of the affective norms for English words by discrete emotional categories},
  author={Stevenson, Ryan A and Mikels, Joseph A and James, Thomas W},
  journal={Behavior research methods},
  volume={39},
  number={4},
  pages={1020--1024},
  year={2007},
  publisher={Springer}
}

@inproceedings{chaumartin2007upar7,
  title={{UPAR7}: A knowledge-based system for headline sentiment tagging},
  author={Chaumartin, Fran{\c{c}}ois-R{\'e}gis},
  booktitle={Proceedings of the 4th International Workshop on Semantic Evaluations},
  pages={422--425},
  year={2007},
  organization={Association for Computational Linguistics}
}

@article{cambria2013statistical,
  title={Statistical approaches to concept-level sentiment analysis},
  author={Cambria, Erik and Schuller, Bjorn and Liu, Bing and Wang, Haixun and Havasi, Catherine},
  journal={IEEE Intelligent Systems},
  volume={28},
  number={3},
  pages={6--9},
  year={2013},
  publisher={IEEE}
}

@inproceedings{mullen2004sentiment,
  title={Sentiment Analysis using Support Vector Machines with Diverse Information Sources.},
  author={Mullen, Tony and Collier, Nigel},
  booktitle={EMNLP},
  volume={4},
  pages={412--418},
  year={2004}
}

@inproceedings{tan2009adapting,
  title={Adapting naive bayes to domain adaptation for sentiment analysis},
  author={Tan, Songbo and Cheng, Xueqi and Wang, Yuefen and Xu, Hongbo},
  booktitle={European Conference on Information Retrieval},
  pages={337--349},
  year={2009},
  organization={Springer}
}

@article{ghiassi2013twitter,
  title={Twitter brand sentiment analysis: A hybrid system using n-gram analysis and dynamic artificial neural network},
  author={Ghiassi, Manoochehr and Skinner, James and Zimbra, David},
  journal={Expert Systems with applications},
  volume={40},
  number={16},
  pages={6266--6282},
  year={2013},
  publisher={Elsevier}
}

@inproceedings{firmino2014comparison,
  title={A Comparison of {SVM} versus naive-bayes techniques for sentiment analysis in tweets: a case study with the 2013 {FIFA} confederations cup},
  author={Firmino Alves, Andr{\'e} Luiz and Baptista, Cl{\'a}udio de Souza and Firmino, Anderson Almeida and Oliveira, Maxwell Guimar{\~a}es de and Paiva, Anselmo Cardoso de},
  booktitle={Proceedings of the 20th Brazilian Symposium on Multimedia and the Web},
  pages={123--130},
  year={2014},
  organization={ACM}
}

@article{thakkar2015approaches,
  title={Approaches for sentiment analysis on twitter: A state-of-art study},
  author={Thakkar, Harsh and Patel, Dhiren},
  journal={arXiv preprint arXiv:1512.01043},
  year={2015}
}

@inproceedings{bloom2007extracting,
  title={Extracting Appraisal Expressions.},
  author={Bloom, Kenneth and Garg, Navendu and Argamon, Shlomo and others},
  booktitle={HLT-NAACL},
  volume={2007},
  pages={308--315},
  year={2007}
}

@book{national1966language,
  title={Language and Machines: Computers in Translation and Linguistics; A Report},
  author="{National Research Council and Automatic Language Processing Advisory Committee and others}",
  year={1966},
  publisher={National Academy of Sciences, National Research Council}
}

@inproceedings{liu2007unsupervised,
  title={Unsupervised image categorization and object localization using topic models and correspondences between images},
  author={Liu, David and Chen, Tsuhan},
  booktitle={Computer Vision, 2007. ICCV 2007. IEEE 11th International Conference on},
  pages={1--7},
  year={2007},
  organization={IEEE}
}

@inproceedings{chang2009relational,
  title={Relational Topic Models for Document Networks.},
  author={Chang, Jonathan and Blei, David M},
  booktitle={AIStats},
  volume={9},
  pages={81--88},
  year={2009}
}

@article{lau2013collocations,
  title={On collocations and topic models},
  author={Lau, Jey Han and Baldwin, Timothy and Newman, David},
  journal={ACM Transactions on Speech and Language Processing (TSLP)},
  volume={10},
  number={3},
  pages={10},
  year={2013},
  publisher={ACM}
}

@article{blei2003latent,
  title={Latent {D}irichlet {A}llocation},
  author={Blei, David M and Ng, Andrew Y and Jordan, Michael I},
  journal={Journal of machine Learning research},
  volume={3},
  number={Jan},
  pages={993--1022},
  year={2003}
}

@article{twitterbistats,
author = {Adrianus Wagemakers},
title = {Twitter is struggling to reengage its 1 billion inactive users},
journal = {Business Insider},
month = {08},
year = {2015}
}

@article{twittertcstats,
author = {Ingrid Lunden},
title = {Twitter’s woes continue on {Q}1 sales of \$595{M}, a sluggish 310{M} {MAU}s and weak guidance},
journal = {TechCruch},
month = {04},
year = {2016}
}

@misc{twitterapi,
author = "{Twitter}",
title = {{REST} {APIs}},
year = {2017},
howpublished = {\url{https://dev.twitter.com/rest/public}}
}

@inproceedings{neubig2013much,
  title={How Much Is Said in a Tweet? A Multilingual, Information-theoretic Perspective.},
  author={Neubig, Graham and Duh, Kevin},
  booktitle={AAAI Spring Symposium: Analyzing Microtext},
  year={2013}
}

@article{novak2015sentiment,
  title={Sentiment of emojis},
  author={Novak, Petra Kralj and Smailovi{\'c}, Jasmina and Sluban, Borut and Mozeti{\v{c}}, Igor},
  journal={PloS one},
  volume={10},
  number={12},
  pages={e0144296},
  year={2015},
  publisher={Public Library of Science}
}

@article{leetaru2013mapping,
  title={Mapping the global Twitter heartbeat: The geography of {T}witter},
  author={Leetaru, Kalev and Wang, Shaowen and Cao, Guofeng and Padmanabhan, Anand and Shook, Eric},
  journal={First Monday},
  volume={18},
  number={5},
  year={2013}
}

@article{han2014text,
  title={Text-based {T}witter user geolocation prediction},
  author={Han, Bo and Cook, Paul and Baldwin, Timothy},
  journal={Journal of Artificial Intelligence Research},
  volume={49},
  pages={451--500},
  year={2014}
}

@article{go2009twitter,
  title={Twitter sentiment classification using distant supervision},
  author={Go, Alec and Bhayani, Richa and Huang, Lei},
  journal={CS224N Project Report, Stanford},
  volume={1},
  number={12},
  year={2009}
}

@inproceedings{whitman2002inferring,
  title={Inferring Descriptions and Similarity for Music from Community Metadata.},
  author={Whitman, Brian and Lawrence, Steve},
  booktitle={ICMC},
  year={2002}
}

@article{mohammad2013nrc,
  title={{NRC}-Canada: Building the state-of-the-art in sentiment analysis of tweets},
  author={Mohammad, Saif M and Kiritchenko, Svetlana and Zhu, Xiaodan},
  journal={arXiv preprint arXiv:1308.6242},
  year={2013}
}

@inproceedings{gamon2004sentiment,
  title={Sentiment classification on customer feedback data: noisy data, large feature vectors, and the role of linguistic analysis},
  author={Gamon, Michael},
  booktitle={Proceedings of the 20th international conference on Computational Linguistics},
  pages={841},
  year={2004},
  organization={Association for Computational Linguistics}
}

@misc{twittermilestones,
  author = "{Twitter}",
  title = {Twitter Milestones},
  year = 2017,
  howpublished = {\url{https://about.twitter.com/company/press/milestones}}
}

@misc{twitterlocation,
  author = "{Twitter Blog}",
  title = {{Location, Location, Location}},
  year = 2009,
  howpublished = {\url{https://blog.twitter.com/2009/location-location-location}}
}

@inproceedings{boser1992training,
  title={A training algorithm for optimal margin classifiers},
  author={Boser, Bernhard E and Guyon, Isabelle M and Vapnik, Vladimir N},
  booktitle={Proceedings of the fifth annual workshop on Computational learning theory},
  pages={144--152},
  year={1992},
  organization={ACM}
}

@article{vapnik1963pattern,
  title={Pattern recognition using generalized portrait method},
  author={Vapnik, Vladimir},
  journal={Automation and remote control},
  volume={24},
  pages={774--780},
  year={1963}
}

@inproceedings{platt1999large,
  title={Large margin DAGs for multiclass classification},
  author={Platt, John C and Cristianini, Nello and Shawe-Taylor, John},
  booktitle={Proceedings of the 12th International Conference on Neural Information Processing Systems},
  pages={547--553},
  year={1999},
  organization={MIT press}
}

@article{crammer2001algorithmic,
  title={On the algorithmic implementation of multiclass kernel-based vector machines},
  author={Crammer, Koby and Singer, Yoram},
  journal={Journal of machine learning research},
  volume={2},
  number={Dec},
  pages={265--292},
  year={2001}
}

@misc{sentiment140,
author = {Alec Go, Richa Bhayani, Lei Huang},
title = {Sentiment140 - A Twitter Sentiment Analysis Tool},
howpublished = {\url{http://help.sentiment140.com/for-students}},
month = {},
year = {}
}

@inproceedings{agarwal2011sentiment,
  title={Sentiment analysis of twitter data},
  author={Agarwal, Apoorv and Xie, Boyi and Vovsha, Ilia and Rambow, Owen and Passonneau, Rebecca},
  booktitle={Proceedings of the workshop on languages in social media},
  pages={30--38},
  year={2011},
  organization={Association for Computational Linguistics}
}

@article{Kralj2015emojis,
  author={{Kralj Novak}, Petra and Smailovi{\'c}, Jasmina and Sluban, Borut and Mozeti\v{c}, Igor},
  title={Sentiment of emojis},
  journal={PLoS ONE},
  volume={10},
  number={12},
  pages={e0144296},
  url={http://dx.doi.org/10.1371/journal.pone.0144296},
  year={2015}
}

@article{poursepanj2013uottawa,
  title={uOttawa: System description for SemEval 2013 Task 2 Sentiment Analysis in Twitter},
  author={Poursepanj, Hamid and Weissbock, Josh and Inkpen, Diana},
  journal={Atlanta, Georgia, USA},
  pages={380},
  year={2013}
}

@article{kouloumpis2011twitter,
  title={Twitter sentiment analysis: The good the bad and the omg!},
  author={Kouloumpis, Efthymios and Wilson, Theresa and Moore, Johanna D},
  journal={Icwsm},
  volume={11},
  number={538-541},
  pages={164},
  year={2011}
}

@inproceedings{lin2009joint,
  title={Joint sentiment/topic model for sentiment analysis},
  author={Lin, Chenghua and He, Yulan},
  booktitle={Proceedings of the 18th ACM conference on Information and knowledge management},
  pages={375--384},
  year={2009},
  organization={ACM}
}

@inproceedings{hutto2014vader,
  title={Vader: A parsimonious rule-based model for sentiment analysis of social media text},
  author={Hutto, Clayton J and Gilbert, Eric},
  booktitle={Eighth International AAAI Conference on Weblogs and Social Media},
  year={2014}
}

@article{niemanlab,
author = {Justin Ellis},
title = {The New York Times built a robot to help make article tagging easier},
journal = {Nieman Lab},
month = {07},
year = {2015}
}